@Article{gessert20,
  author  = "N. Gessert and M. Nielsen and M. Shaikh and R. Werner and A. Schlaefer",
  journal = "Methods X",
  title   = "Skin lesion classification using ensembles of multi-resolution EfficientNets with meta data",
  volume  = "7",
  number = "100864",
  year    = "2020"
}

@article{ham10000,
  author = "Philipp Tschandl and Cliff Rosendahl and Harald Kittler",
  journal = "Scientific Data",
  number = "180151",
  title = "The HAM10000 dataset, a large collection of multi-source dermatoscopic images of common pigmented skin lesions",
  volume = "5",
  year = "2018"
}

@article{bcn20000,
  title={Bcn20000: Dermoscopic lesions in the wild},
  author={Combalia, Marc and Codella, Noel CF and Rotemberg, Veronica and Helba, Brian and Vilaplana, Veronica and Reiter, Ofer and Carrera, Cristina and Barreiro, Alicia and Halpern, Allan C and Puig, Susana and others},
  journal={arXiv preprint arXiv:1908.02288},
  year={2019}
}

@inproceedings{msk,
  title={Skin lesion analysis toward melanoma detection: A challenge at the 2017 international symposium on biomedical imaging (isbi), hosted by the international skin imaging collaboration (isic)},
  author={Codella, Noel CF and Gutman, David and Celebi, M Emre and Helba, Brian and Marchetti, Michael A and Dusza, Stephen W and Kalloo, Aadi and Liopyris, Konstantinos and Mishra, Nabin and Kittler, Harald and others},
  booktitle={2018 IEEE 15th international symposium on biomedical imaging (ISBI 2018)},
  pages={168--172},
  year={2018},
  organization={IEEE}
}

@article{slice3d,
  title={The SLICE-3D dataset: 400,000 skin lesion image crops extracted from 3D TBP for skin cancer detection},
  author={Kurtansky, Nicholas R and Dâ€™Alessandro, Brian M and Gillis, Maura C and Betz-Stablein, Brigid and Cerminara, Sara E and Garcia, Rafael and Girundi, Marcela Alves and Goessinger, Elisabeth Victoria and Gottfrois, Philippe and Guitera, Pascale and others},
  journal={Scientific Data},
  volume={11},
  number={1},
  pages={884},
  year={2024},
  publisher={Nature Publishing Group UK London}
}
